@Article{Northrop:2014,
  Title =	 {Improved threshold diagnostic plots for extreme
                  value analyses},
  Author =	 {Northrop, Paul J. and Coleman, Claire L.},
  Journal =	 {Extremes},
  Year =	 2014,
  Number =	 2,
  Pages =	 {289--303},
  Volume =	 17,
  Doi =		 {10.1007/s10687-014-0183-z},
  ISSN =	 {1386-1999},
  Keywords =	 {Extreme value theory; Generalized Pareto
                  distribution; Score test; Likelihood ratio test;
                  Penultimate approximation; Threshold; 62G32; 62F03;
                  62F05; 62P12; 62P35},
  Language =	 {English},
  Publisher =	 {Springer US},
  Url =		 {http://dx.doi.org/10.1007/s10687-014-0183-z}
}

@Unpublished{Smith:1987,
  Title =	 {Approximations in extreme value theory},
  Author =	 {Smith, Richard L.},
  Note =	 {Technical Report 205},
  Year =	 1987,
  Editor =	 {Center for Stochastic Processes, University of North
                  Carolina Chapel Hill},
  Url =
                  {https://www.dropbox.com/s/4t0cnuy3g9ny14u/Smith-1987-Approximations_in_extreme_value_theory.pdf?dl=0}
}


@InCollection{Davison:1984,
  Title =	 {Modelling Excesses over High Thresholds, with an
                  Application},
  Author =	 {Davison, Anthony C.},
  Booktitle =	 {Statistical Extremes and Applications},
  Publisher =	 {Springer Netherlands},
  Year =	 1984,
  Editor =	 {de Oliveira, J.Tiago},
  Pages =	 {461--482},
  Series =	 {NATO ASI Series},
  Volume =	 131,
  Doi =		 {10.1007/978-94-017-3069-3_34},
  Url =		 {http://dx.doi.org/10.1007/978-94-017-3069-3_34}
}

@Article{Davison:1990,
  Title =	 {Models for exceedances over high thresholds (with
                  Discussion)},
  Author =	 {Davison, A. C. and Smith, R. L.},
  Journal =	 {Journal of the Royal Statistical Society. Series
                  B. (Methodological)},
  Year =	 1990,
  Number =	 3,
  Pages =	 {393--442},
  Volume =	 52,
  Fjournal =	 {Journal of the Royal Statistical Society. Series
                  B. (Methodological)},
  ISSN =	 {0035-9246},
  Url =		 {http://www.jstor.org/stable/2345667}
}


@Article{Wadsworth:2012,
  Title =	 {Likelihood-based procedures for threshold
                  diagnostics and uncertainty in extreme value
                  modelling},
  Author =	 {Wadsworth, J. L. and Tawn, J. A.},
  Journal =	 {Journal of the Royal Statistical Society: Series B
                  (Statistical Methodology)},
  Year =	 2012,
  Number =	 3,
  Pages =	 {543--567},
  Volume =	 74,
  Doi =		 {10.1111/j.1467-9868.2011.01017.x},
  ISSN =	 {1467-9868},
  Keywords =	 {Extreme value theory, Generalized Pareto
                  distribution, Likelihood ratio test, Non-homogeneous
                  Poisson process, Penultimate approximation,
                  Threshold},
  Publisher =	 {Blackwell Publishing Ltd},
  Url =		 {http://dx.doi.org/10.1111/j.1467-9868.2011.01017.x}
}



@Article{Wadsworth:2016,
  Title =	 {Exploiting Structure of Maximum Likelihood
                  Estimators for Extreme Value Threshold Selection},
  Author =	 {J. L. Wadsworth},
  Journal =	 {Technometrics},
  Year =	 2016,
  Number =	 1,
  Pages =	 {116--126},
  Volume =	 58,
  Doi =		 {10.1080/00401706.2014.998345},
  Eprint =	 {http://dx.doi.org/10.1080/00401706.2014.998345},
  Url =		 {http://dx.doi.org/10.1080/00401706.2014.998345}
}

@Article{White:1982,
  Title =	 {Maximum Likelihood Estimation of Misspecified
                  Models},
  Author =	 {Halbert White},
  Journal =	 {Econometrica},
  Year =	 1982,
  Number =	 1,
  Pages =	 {1--25},
  Volume =	 50,
  Publisher =	 {[Wiley, Econometric Society]},
  Url =		 {http://www.jstor.org/stable/1912526}
}

@Book{Coles:2001,
  Title =	 {An {I}ntroduction to {S}tatistical {M}odeling of
                  {E}xtreme {V}alues},
  Author =	 {Coles, Stuart},
  Publisher =	 {Springer--Verlag},
  Year =	 2001,
  Address =	 {London},
  ISBN =	 {1-85233-459-2},
  pages =	 209
}


@Article{Scarrott:2012,
  Title =	 {A review of extreme-value threshold estimation and
                  uncertainty quantification},
  Author =	 {Scarrott, Carl and MacDonald, Anna},
  Journal =	 {REVSTAT -- Statistical Journal},
  Year =	 2012,
  Number =	 1,
  Pages =	 {33--60},
  Volume =	 10,
  Url =		 {#https://www.ine.pt/revstat/pdf/rs120102.pdf#}
}

@Article{Schlather:2002,
  Title =	 {Models for Stationary Max-Stable Random Fields},
  Author =	 {Schlather, Martin},
  Journal =	 {Extremes},
  Year =	 2002,
  Number =	 1,
  Pages =	 {33--44},
  Volume =	 5,
  Doi =		 {10.1023/A:1020977924878},
  ISSN =	 {1572-915X},
  Url =		 {http://dx.doi.org/10.1023/A:1020977924878}
}

@Article{Dupuis:1999,
  Title =	 {Exceedances over High Thresholds: A Guide to
                  Threshold Selection},
  Author =	 {Dupuis, D.J.},
  Journal =	 {Extremes},
  Year =	 1999,
  Number =	 3,
  Pages =	 {251--261},
  Volume =	 1,
  Doi =		 {10.1023/A:1009914915709},
  ISSN =	 {1386-1999},
  Keywords =	 {generalized Pareto distribution; optimal bias robust
                  estimators; weights},
  Publisher =	 {Kluwer Academic Publishers},
  Url =		 {http://dx.doi.org/10.1023/A%3A1009914915709}
}

@Article{Dombry:2016,
  Title =	 {Exact simulation of max-stable processes},
  Author =	 {Dombry, Cl\'{e}ment and Engelke, Sebastian and
                  Oesting, Marco},
  Journal =	 {Biometrika},
  Year =	 2016,
  Number =	 2,
  Pages =	 {303--317},
  Volume =	 103,
  Doi =		 {10.1093/biomet/asw008},
  Eprint =
                  {http://biomet.oxfordjournals.org/content/103/2/303.full.pdf+html},
  Url =
                  {http://biomet.oxfordjournals.org/content/103/2/303.abstract}
}

@Article{Papastathopoulos:2013,
  Title =	 {Extended generalised {P}areto models for tail
                  estimation },
  Author =	 {Ioannis Papastathopoulos and Jonathan A. Tawn},
  Journal =	 {Journal of Statistical Planning and Inference },
  Year =	 2013,
  Number =	 1,
  Pages =	 {131--143},
  Volume =	 143,
  Doi =		 {http://dx.doi.org/10.1016/j.jspi.2012.07.001},
  ISSN =	 {0378-3758},
  Url =
                  {http://www.sciencedirect.com/science/article/pii/S0378375812002388}
}


@Article{Cox:2002,
  Title =	 {Floods: some probabilistic and statistical
                  approaches},
  Author =	 {Cox, D. R. and Isham, V. S. and Northrop, P. J.},
  Journal =	 {Philosophical Transactions of the Royal Society of
                  London A: Mathematical, Physical and Engineering
                  Sciences},
  Year =	 2002,
  Number =	 1796,
  Pages =	 {1389--1408},
  Volume =	 360,
  Doi =		 {10.1098/rsta.2002.1006},
  Eprint =
                  {http://rsta.royalsocietypublishing.org/content/360/1796/1389.full.pdf},
  ISSN =	 {1364-503X},
  Publisher =	 {The Royal Society},
  Url =
                  {http://rsta.royalsocietypublishing.org/content/360/1796/1389}
}


@Article{Einmahl:2009,
  Title =	 {Maximum empirical likelihood estimation of the
                  spectral measure of an extreme-value distribution},
  Author =	 {Einmahl, John H. J. and Segers, Johan},
  Journal =	 {Ann. Statist.},
  Year =	 2009,
  Month =	 10,
  Number =	 {5B},
  Pages =	 {2953--2989},
  Volume =	 37,
  Doi =		 {10.1214/08-AOS677},
  Fjournal =	 {The Annals of Statistics},
  Publisher =	 {The Institute of Mathematical Statistics},
  Url =		 {http://dx.doi.org/10.1214/08-AOS677}
}


@Article{deCarvalho:2013,
  Title =	 {A {E}uclidean Likelihood Estimator for Bivariate Tail
                  Dependence},
  Author =	 { Miguel de Carvalho and Boris Oumow and Johan Segers
                  and Micha\l{} Warcho\l{} },
  Journal =	 {Communications in Statistics - Theory and Methods},
  Year =	 2013,
  Number =	 7,
  Pages =	 {1176--1192},
  Volume =	 42,
  Doi =		 {10.1080/03610926.2012.709905},
  Eprint =	 {http://dx.doi.org/10.1080/03610926.2012.709905},
  Url =		 {http://dx.doi.org/10.1080/03610926.2012.709905}
}



@Article{Gabda:2012,
  Title =	 {Discussion of ``{S}tatistical Modeling of Spatial
                  Extremes'' by {A}. {C}. {D}avison,
                  {S}. {A}. {P}adoan and {M}. {R}ibatet},
  Author =	 {Gabda, Darmesah and Towe, Ross and Wadsworth,
                  Jennifer and Tawn, Jonathan},
  Journal =	 {Statistical Science},
  Year =	 2012,
  Month =	 05,
  Number =	 2,
  Pages =	 {189--192},
  Volume =	 27,
  Ajournal =	 {Statist. Sci.},
  Doi =		 {10.1214/12-STS376B},
  Publisher =	 {The Institute of Mathematical Statistics},
  Url =		 {http://dx.doi.org/10.1214/12-STS376B}
}


@Article{Rootzen:2017,
  Title =	 {Multivariate peaks over thresholds models},
  Author =	 {Rootz{\'e}n, Holger and Segers, Johan and Wadsworth,
                  Jennifer~L.},
  Journal =	 {Extremes},
  Year =	 2018,
  Month =	 {Mar},
  Number =	 1,
  Pages =	 {115--145},
  Volume =	 21,
  Day =		 01,
  Doi =		 {10.1007/s10687-017-0294-4},
  ISSN =	 {1572-915X},
  Url =		 {https://doi.org/10.1007/s10687-017-0294-4}
}


@Article{Ferreira:2014,
  Title =	 {The generalized {P}areto process; with a view
                  towards application and simulation},
  Author =	 {Ferreira, Ana and de Haan, Laurens},
  Journal =	 {Bernoulli},
  Year =	 2014,
  Month =	 11,
  Number =	 4,
  Pages =	 {1717--1737},
  Volume =	 20,
  Ajournal =	 {Bernoulli},
  Doi =		 {10.3150/13-BEJ538},
  Publisher =	 {Bernoulli Society for Mathematical Statistics and
                  Probability},
  Url =		 {http://dx.doi.org/10.3150/13-BEJ538}
}


@Article{Dombry/Ribatet:2015,
  Title =	 {Functional regular variations, {P}areto processes
                  and peaks over threshold},
  Author =	 {Dombry, Cl\'{e}ment and Ribatet, Mathieu},
  Journal =	 {Statistics and Its Interface},
  Year =	 2015,
  Number =	 1,
  Pages =	 {9--17},
  Volume =	 8,
  Doi =		 {http://dx.doi.org/10.4310/SII.2015.v8.n1.a2},
  Publisher =	 {International Press}
}


@Article{deHaan:1984,
  Title =	 {A spectral representation for max-stable processes},
  Author =	 {de Haan, L.},
  Journal =	 {Ann. Probab.},
  Year =	 1984,
  Number =	 4,
  Pages =	 {1194--1204},
  Volume =	 12,
  Fjournal =	 {The Annals of Probability},
  ISSN =	 {0091-1798},
  Url =
                  {http://links.jstor.org/sici?sici=0091-1798(198411)12:4<1194:ASRFMP>2.0.CO;2-R&origin=MSN}
}


@Article{deFondeville:2018,
  Title =	 {High-dimensional peaks-over-threshold inference},
  Author =	 {de Fondeville, R and Davison, A C},
  Journal =	 {Biometrika},
  Year =	 2018,
  Number =	 3,
  Pages =	 {575-592},
  Volume =	 105,
  Doi =		 {10.1093/biomet/asy026},
  Url =		 {http://dx.doi.org/10.1093/biomet/asy026}
}

@PhdThesis{deFondeville:thesis,
  title =	 {Functional Peaks-Over-Threshold Analysis for Complex
                  Extreme Events},
  author =	 {de Fondeville, Raphaël},
  institution =	 {MATH},
  school =	 {EPFL},
  address =	 {Lausanne},
  pages =	 201,
  year =	 2018,
  url =		 {http://infoscience.epfl.ch/record/261330},
  doi =		 {10.5075/epfl-thesis-8927},
}


@Unpublished{Smith:1990,
  Title =	 {Max-Stable Processes and Spatial Extremes},
  Author =	 {Smith, Richard L.},
  Note =	 {Unpublished technical report.},
  Month =	 {October},
  Year =	 1990,
  Url =
                  {http://www.unc.edu/depts/statistics/postscript/rs/spatex.pdf}
}


@Article{Schlather:2002,
  Title =	 {Models for Stationary Max-Stable Random Fields},
  Author =	 {Schlather, Martin},
  Journal =	 {Extremes},
  Year =	 2002,
  Number =	 1,
  Pages =	 {33--44},
  Volume =	 5,
  Doi =		 {10.1023/A:1020977924878},
  ISSN =	 {1572-915X},
  Url =		 {http://dx.doi.org/10.1023/A:1020977924878}
}

